<?xml version="1.0" encoding="UTF-8"?><collection xmlns="http://www.loc.gov/MARC21/slim"><record><leader>00506nam--2200169-i-4500</leader><controlfield tag="001">000016195</controlfield><controlfield tag="002">20161230</controlfield><controlfield tag="005">20161230201031</controlfield><controlfield tag="008">060222s1000------------r-----000-0-fre-d</controlfield><datafield ind1=" " ind2=" " tag="041"><subfield code="a">fre</subfield></datafield><datafield ind1=" " ind2=" " tag="080"><subfield code="a">536(043)</subfield></datafield><datafield ind1="1" ind2=" " tag="100"><subfield code="a">Dauron, Patrick</subfield></datafield><datafield ind1="1" ind2="0" tag="245"><subfield code="a">Contribution a la determination des grandeurs thermophysiques par une methode transitoire rapide</subfield><subfield code="b">These</subfield><subfield code="c">Patrick dauron</subfield></datafield><datafield ind1=" " ind2=" " tag="260"><subfield code="a">Poitiers</subfield><subfield code="b">Universite</subfield><subfield code="c">1975</subfield></datafield><datafield ind1=" " ind2=" " tag="300"><subfield code="a">IV+119 P. FIG. TABL</subfield></datafield><datafield ind1=" " ind2=" " tag="852"><subfield code="a">77895</subfield><subfield code="c">536</subfield></datafield><datafield ind1=" " ind2=" " tag="CAT"><subfield code="a">Sys</subfield><subfield code="c">20110512</subfield><subfield code="h">101752</subfield></datafield></record></collection>